<?xml version="1.0" encoding="UTF-8"?><collection xmlns="http://www.loc.gov/MARC21/slim"><record><leader>00600nam--2200181-i-4500</leader><controlfield tag="001">000024111</controlfield><controlfield tag="002">20161230</controlfield><controlfield tag="005">20161230201035</controlfield><controlfield tag="008">060222s1000------------r-----000-0-fre-d</controlfield><datafield ind1=" " ind2=" " tag="040"><subfield code="a">IFIN-HH</subfield></datafield><datafield ind1=" " ind2=" " tag="041"><subfield code="a">fre</subfield></datafield><datafield ind1=" " ind2=" " tag="080"><subfield code="a">537.62:537.633.2(04</subfield></datafield><datafield ind1="1" ind2=" " tag="100"><subfield code="a">Hamzic, Amir</subfield></datafield><datafield ind1="1" ind2="0" tag="245"><subfield code="a">Etude par mesures de transport du magnetisme d`impuretes de metaux de transition dans l`or le palladium et le platine: asymetries de diffusion, osrdre magnetique</subfield><subfield code="b">These</subfield><subfield code="c">Amir hamzic</subfield></datafield><datafield ind1=" " ind2=" " tag="260"><subfield code="a">Paris</subfield><subfield code="b">Universite De Paris-sud</subfield><subfield code="c">1980</subfield></datafield><datafield ind1=" " ind2=" " tag="300"><subfield code="a">123 P</subfield></datafield><datafield ind1=" " ind2=" " tag="852"><subfield code="a">49854</subfield><subfield code="c">537:538</subfield></datafield><datafield ind1=" " ind2=" " tag="CAT"><subfield code="a">Sys</subfield><subfield code="c">20110624</subfield><subfield code="h">135026</subfield></datafield></record></collection>